@online{stackoverflowNtp,
	author = {stackoverflow.com},
	title = {How Does the Network Time Protocol Work?},
	url = {http://stackoverflow.com/questions/1228089/how-does-the-network-time-protocol-work},
	urldate = {2014-05-24}
}

@online{astrosiggiFunk,
	author = {astro-siggi.de},
	title = {Die Zeit aus dem Äther - wie Funkuhren funktionieren},
	url = {http://www.astro-siggi.de/tutorial-funkuhr.html},
	urldate = {2014-05-24}
}

@online{wikiFunkHistory,
	author = {wikipedia.org},
	title = {Geschichtliche Entwicklung der Zeitübertragung per Funk},
	url = {http://de.wikipedia.org/wiki/Geschichtliche_Entwicklung_der_Zeit%C3%BCbertragung_per_Funk},
	urldate = {2014-05-24}
}

@online{wikiTimeSignal,
	author = {wikipedia},
	title = {Time signal},
	url = {http://en.wikipedia.org/wiki/Time_signal},
	urldate = {2014-05-24}
}

@online{wikiSunclock,
	author = {wikipedia.org},
	title = {Sonnenuhr},
	url = {http://de.wikipedia.org/wiki/Sonnenuhr},
	urldate = {2014-05-24}
}

@online{wikiChronometer,
	author = {wikipedia.org},
	title = {Chronometer},
	url = {http://de.wikipedia.org/wiki/Chronometer},
	urldate = {2014-05-24}
}

@online{meinbergAtomClock,
	author = {meinberg.de},
	title = {Atom Clock},
	url = {http://www.meinberg.de/german/info/atomic_clock.htm},
	urldate = {2014-05-24}
}

@online{wikiFunkuhr,
	author = {wikipedia.org},
	title = {Funkuhr},
	url = {http://de.wikipedia.org/wiki/Funkuhr},
	urldate = {2014-05-24}
}

@online{heretFunkuhr,
	author = {heret.de},
	title = {Funkuhr},
	url = {http://www.heret.de/funkuhr/index.htm},
	urldate = {2014-05-24}
}

@online{hopfDCF_GPS,
	author = {hopf.com},
	title = {Genauigkeitsvergleich DCF77 und GPS},
	url = {http://www.hopf.com/de/dcf77-gps_de.html},
	urldate = {2014-05-24}
}

@online{rgbtechnologyGpsTime,
	author = {mono.rgbtechnology.pl},
	title = {GPS Zeitsynchronisation},
	url = {http://www.mono.rgbtechnology.pl/de/faq/gps-zeitsynchronisation.html},
	urldate = {2014-05-24}
}

@online{rubTimesync,
	author = {emsec.rub.de},
	title = {Sichere Zeitsynchronisation in drahtlosen Sensornetzen},
	url = {http://www.emsec.rub.de/media/crypto/attachments/files/2010/04/ms_michael_ziaja.pdf},
	urldate = {2014-05-24}
}


